@inproceedings{taivalsaari:2017,
  title={The web as a software platform: ten years later},
  author={Taivalsaari, Antero and Mikkonen, Tommi},
  booktitle={Proceedings of the 13th International Conference of Web Information Systems and Technologies. INSTICC, SciTePress},
  year={2017}
}

@article{casteleyn:2014:ria,
  title={Ten years of rich internet applications: A systematic mapping study, and beyond},
  author={Casteleyn, Sven and Garrig'os, Irene and Maz'on, Jose-Norberto},
  journal={ACM Transactions on the Web (TWEB)},
  volume={8},
  number={3},
  pages={18},
  year={2014},
  publisher={ACM}
}

@article {severance:2012:js10days,
  author = {Severance, Charles},
  journal = {Computer},
  title = {JavaScript: Designing a Language in 10 Days},
  year = {2012},
  volume = {45},
  number = {},
  pages = {7-8},
  keywords={JavaScript; HTML; Brendan Eich},
  doi = {10.1109/MC.2012.57},
  url = {doi.ieeecomputersociety.org/10.1109/MC.2012.57},
  ISSN = {0018-9162},
  month={02}
}

@book{ecmascript:2015,
  address = {Geneva},
  author = {{Ecma International}},
  edition = {6th},
  year = 2015,
  month = 6,
  timestamp = {2015-08-28T15:37:30.000+0200},
  title = {{ECMAScript 2015 Language Specification}},
  url = {http://www.ecma-international.org/ecma-262/6.0/ECMA-262.pdf},
}

@online{oreilly:2005:web20,
  author="Tim O'Reilly",
  title="What Is Web 2.0",
  year=2005,
  month=9,
  url="https://www.oreilly.com/pub/a/web2/archive/what-is-web-20.html",
  urldate = {2018-11-21}
}

@online{oreilly:2001:js,
  author = "Steve Champeon",
  title = "JavaScript: How Did We Get Here?",
  year = 2001,
  month = 6,
  url = "https://web.archive.org/web/20160719020828/http://archive.oreilly.com/pub/a/javascript/2001/04/06/js_history.html",
  urldate = {2018-11-25}
}

@online{stackoverflow:survey:2018,
  author="Stack Exchange Inc",
  title="Stack Overflow Annual Developer Survey",
  year=2018,
  url="https://insights.stackoverflow.com/survey/2018",
  urldate = {2018-11-21}
}

@online{garret:ajax,
  author = "Garrett, Jesse James",
  title = "Ajax: A New Approach to Web Applications",
  year = 2005,
  month = 2,
  url = "http://adaptivepath.org/ideas/ajax-new-approach-web-applications/",
  urldate = {2018-11-21}
}

@online{flow,
  author = "Facebook Inc.",
  title = "Flow: A Static Type Checker For JavaScript",
  year = 2018,
  url = "https://flow.org/",
  urldate = {2018-11-22}
}

@online{typescript,
  author = "Microsoft Corporation",
  title = "TypeScript - JavaScript that scales",
  year = 2018,
  url = "https://www.typescriptlang.org/",
  urldate = {2018-11-22}
}

@online{react,
  author = "Facebook Inc.",
  title = "React - A JavaScript library for building user interfaces",
  year = 2018,
  url = "https://reactjs.org/",
  urldate = {2018-11-22}
}

@online{angular,
  author = "Google LLC",
  title = "Angular",
  year = 2018,
  url = "https://angular.io/",
  urldate = {2018-11-22}
}

@online{babel,
  author = "Sebastian McKenzie and other contributors",
  title = "Babel - The compiler for next generation JavaScript",
  year = 2018,
  url = "https://babeljs.io/",
  urldate = {2018-11-22}
}

@online{electron,
	author = "GitHub, Inc.",
	title = "Electron - Build cross platform desktop apps with JavaScript, HTML, and CSS",
  year = 2018,
	url = "https://electronjs.org/",
  urldate = {2018-11-22}
}
